<?xml version="1.0" encoding="UTF-8"?>
<record xmlns="http://www.loc.gov/MARC21/slim">
   <leader>00911cam a2200241 a 4500</leader>
   <controlfield tag="001">862652</controlfield>
   <controlfield tag="003">NjP</controlfield>
   <controlfield tag="005">20171025091935.0</controlfield>
   <controlfield tag="008">940201s1873    ua            000 0 ara d</controlfield>
   <datafield tag="024" ind1="7" ind2=" ">
      <subfield code="a">princeton_aco004209</subfield>
      <subfield code="2">local</subfield>
   </datafield>
   <datafield ind1=" " ind2=" " tag="035">
      <subfield code="a">(OCoLC)29834577</subfield>
   </datafield>
   <datafield ind1=" " ind2=" " tag="035">
      <subfield code="a">(CStRLIN)NJPG94-B5837</subfield>
   </datafield>
   <datafield ind1=" " ind2=" " tag="035">
      <subfield code="9">CAY4946TS</subfield>
   </datafield>
   <datafield ind1=" " ind2=" " tag="040">
      <subfield code="a">NjP</subfield>
      <subfield code="c">NjP</subfield>
   </datafield>
   <datafield ind1=" " ind2=" " tag="043">
      <subfield code="a">f-ua---</subfield>
   </datafield>
   <datafield ind1="0" ind2=" " tag="100">
      <subfield code="a">Kartawajīrār,</subfield>
      <subfield code="c">al-Muʻallim.</subfield>
   </datafield>
   <datafield ind1="1" ind2="3" tag="245">
      <subfield code="a">al-Rawḍah al-bahīyah fī zirāʻat al-khaḍrāwāt al-miṣrīyah /</subfield>
      <subfield code="c">taʼlīf al-muʻallim Kartawājīrār ; wa-tarjamat Aḥmad Afandī Nadá.</subfield>
   </datafield>
   <datafield ind1=" " ind2=" " tag="260">
      <subfield code="a">Būlāq :</subfield>
      <subfield code="b">al-Maṭbaʻah al-Miṣrīyah,</subfield>
      <subfield code="c">1290 [1873]</subfield>
   </datafield>
   <datafield ind1=" " ind2=" " tag="300">
      <subfield code="a">173 p. ;</subfield>
      <subfield code="c">24 cm.</subfield>
   </datafield>
   <datafield ind1=" " ind2="0" tag="650">
      <subfield code="a">Vegetables</subfield>
      <subfield code="z">Egypt.</subfield>
   </datafield>
   <datafield ind1="1" ind2=" " tag="700">
      <subfield code="a">Nadá, Aḥmad,</subfield>
      <subfield code="d">-1877.</subfield>
      <subfield code="0">http://id.loc.gov/authorities/names/nr94007194</subfield>
   </datafield>
   <datafield ind1="1" ind2=" " tag="700">
      <subfield code="a">Nadá, Aḥmad Afandī.</subfield>
   </datafield>
   <datafield ind1=" " ind2=" " tag="998">
      <subfield code="a">03/21/94</subfield>
      <subfield code="s">9114</subfield>
      <subfield code="n">NjP</subfield>
      <subfield code="w">NJPG94B5837</subfield>
      <subfield code="d">02/01/94</subfield>
      <subfield code="c">AAH</subfield>
      <subfield code="b">JAB</subfield>
      <subfield code="i">940321</subfield>
      <subfield code="l">NJPG</subfield>
   </datafield>
   <datafield ind1=" " ind2=" " tag="911">
      <subfield code="a">19940331</subfield>
   </datafield>
   <datafield ind1=" " ind2=" " tag="912">
      <subfield code="a">19940321000000.0</subfield>
   </datafield>
   <datafield ind1="0" ind2="0" tag="852">
      <subfield code="0">983639</subfield>
      <subfield code="b">rcppa</subfield>
      <subfield code="t">1</subfield>
      <subfield code="h">SB320.43.E3</subfield>
      <subfield code="i">K377 1873</subfield>
      <subfield code="x">tr fr anxa</subfield>
   </datafield>
   <datafield ind1=" " ind2=" " tag="959">
      <subfield code="a">2000-06-13 00:00:00 -0500</subfield>
   </datafield>
</record>
